<?xml version="1.0" encoding="UTF-8"?><collection xmlns="http://www.loc.gov/MARC21/slim"><record><leader>00483nam--2200157-i-4500</leader><controlfield tag="001">000027340</controlfield><controlfield tag="002">20161230</controlfield><controlfield tag="005">20170302002609</controlfield><controlfield tag="008">060222s1000------------r-----000-0-eng-d</controlfield><datafield ind1=" " ind2=" " tag="100"><subfield code="a">Taraba, Istvan</subfield></datafield><datafield ind1=" " ind2=" " tag="245"><subfield code="a">Agenda Instalatorului Electrician. Scheme Electrice De Conexiuni Pentru Instalatiile De Lumina, Forta Si Telecomunicatii</subfield></datafield><datafield ind1=" " ind2=" " tag="260"><subfield code="a">Bucuresti</subfield><subfield code="b">Editura Tehnica</subfield><subfield code="c">1959</subfield></datafield><datafield ind1=" " ind2=" " tag="300"><subfield code="a">265 p</subfield></datafield><datafield ind1=" " ind2=" " tag="700"><subfield code="a">Jesch, Laszlo</subfield></datafield><datafield ind1=" " ind2=" " tag="852"><subfield code="a">621.3(023)</subfield></datafield><datafield ind1=" " ind2=" " tag="CAT"><subfield code="a">SYS</subfield><subfield code="c">20170302</subfield><subfield code="h">002609</subfield></datafield></record></collection>